
@book{stl,
author= {Musser, D. R. and Saini, A.}, 
title={The STL Tutorial and Reference Guide: C++ Programming with the Standard Template Library}, 
publisher={Addison Wesley Longman Publishing Co. USA},
year={1995}
}

@book{cppdata, 
author={Weiss, M. A.}, 
title={Data Structures and Algorithm Analysis in C++}, 
publisher={Addison Wesley Longman Publishing Co. Boston USA},
year={1998}
}

@inproceedings{graphdbs,
  title={Graph Databases Comparison: AllegroGraph, ArangoDB, InfiniteGraph, Neo4J, and OrientDB.},
  author={Fernandes, Diogo and Bernardino, Jorge},
  booktitle={Data},
  pages={373--380},
  year={2018}
}
@misc{tiger,
      title={TigerGraph: A Native MPP Graph Database},
      author={Alin Deutsch and Yu Xu and Mingxi Wu and Victor Lee},
      year={2019},
      eprint={1901.08248},
      archivePrefix={arXiv},
      primaryClass={cs.DB}
}
@inproceedings{neo4j,
  title={Graph Databases: Neo4j Analysis.},
  author={Guia, Jos{\'e} and Soares, Val{\'e}ria Gon{\c{c}}alves and Bernardino, Jorge},
  booktitle={ICEIS (1)},
  pages={351--356},
  year={2017}
}


@InProceedings{networkx,
  author =       {Aric A. Hagberg and Daniel A. Schult and Pieter J. Swart},
  title =        {Exploring Network Structure, Dynamics, and Function using NetworkX},
  booktitle =   {Proceedings of the 7th Python in Science Conference},
  pages =     {11 - 15},
  address = {Pasadena, CA USA},
  year =      {2008},
  editor =    {Ga\"el Varoquaux and Travis Vaught and Jarrod Millman},
}


@misc{kinetica,
  title = {Kinetica DB. Inc document for network graph solvers - v7.0.11},
  howpublished = {\url{https://www.kinetica.com/docs/graph_solver/index.html}},
  note = {Accessed: 2020-01-06}
}

@article{zram,
  author       = {Geraldo F. Oliveira and et all},
  title        = {Extending Memory Capacity in Consumer Devices with Emerging Non-Volatile
                  Memory: An Experimental Study},
  journal      = {CoRR},
  volume       = {abs/2111.02325},
  year         = {2021},
  url          = {https://arxiv.org/abs/2111.02325},
  eprinttype    = {arXiv},
  eprint       = {2111.02325},
  timestamp    = {Mon, 08 Nov 2021 08:28:08 +0100},
  biburl       = {https://dblp.org/rec/journals/corr/abs-2111-02325.bib},
  bibsource    = {dblp computer science bibliography, https://dblp.org}
}

@article{louvain,
	doi = {10.1088/1742-5468/2008/10/p10008}, 
	year = 2008,
	month = {oct}, 
	publisher = {{IOP} Publishing}, 
	volume = {2008}, 
	number = {10}, 
	pages = {P10008}, 
	author = {Vincent D Blondel and Jean-Loup Guillaume and Renaud Lambiotte and Etienne Lefebvre}, 
	title = {Fast unfolding of communities in large networks}, 
	journal = {Journal of Statistical Mechanics: Theory and Experiment}
}

@article{rsb,
author={Yifan Hu and Richard J. Blake},
title={Numerical experiences with partitioning of unstructured meshes},
journal={Parallel Computing},
volume={20},
pages={815--829},
year={1994}
}

@article{dls,
  title= {A novel double link structure (DLS) with applications to computational engineering and design},
  author= "Karamete, B. K. and Aubry, R. and Mestreau, E. L. and Dey, S.",
  journal={AIAA Aerospace Sciences Meeting},
  year="2016",
  pages="1301",
    volume={54},
  doi= "10.2514/6.2016-1301"
}

@misc{kineticagraph,
  doi = {10.48550/ARXIV.2201.02136},
  url = {https://arxiv.org/abs/2201.02136},
  author = {Karamete, B. Kaan and Adhami, Louai and Glaser, Eli},
  keywords = {Databases (cs.DB), FOS: Computer and information sciences, FOS: Computer and information sciences},
  title = {A fixed storage distributed graph database hybrid with at-scale OLAP expression and I/O support of a relational DB: Kinetica-Graph},
  publisher = {arXiv},
  year = {2022},
  copyright = {arXiv.org perpetual, non-exclusive license}
}

@article{mapmatching,
  author    = {Bilge Kaan Karamete and
               Loua{\"{\i}} Adhami and
               Eli Glaser},
  title     = {An adaptive Markov chain algorithm applied over map-matching of vehicle
               trip {GPS} data},
  journal   = {Geo spatial Inf. Sci.},
  volume    = {24},
  number    = {3},
  pages     = {484--497},
  year      = {2021},
  url       = {https://doi.org/10.1080/10095020.2020.1866956},
  doi       = {10.1080/10095020.2020.1866956},
  timestamp = {Mon, 25 Oct 2021 15:03:58 +0200},
  biburl    = {https://dblp.org/rec/journals/gsis/KarameteAG21.bib},
  bibsource = {dblp computer science bibliography, https://dblp.org}
}


@article{hexdom,
  title={Yet another hexahedral dominant meshing algorithm: HexDom},
  author={Bilge Kaan Karamete and Romain Aubry and Eric L. Mestreau and Saikat Dey},
  journal={Finite Elements in Analysis and Design},
  year={2017},
  volume={136},
  pages={1-17}
}


@book{openmp,
author = {Chandra, Robit and Dagum, Leonardo and Kohr, Dave and Maydan, Dror and McDonald, Jeff and Menon, Ramesh},
title = {Parallel Programming in OpenMP},
year = {2001},
isbn = {1558606718},
publisher = {Morgan Kaufmann Publishers Inc.},
address = {San Francisco, CA, USA}
}

@misc{msdoblog,
  author = {B. Kaan Karamete},
  title = {Kinetica DB. Inc. Document - MSDO technical blog},
  howpublished = {\url{https://www.kinetica.com/blog/kinetica-graph-analytics-multiple-supply-demand- \\ chain-optimization-msdo-graph-solver/}},
  note = {Accessed: 2022-01-03}
}

@misc{graphviz,
  author={GraphViz},
  title={GraphViz},
  howpublished={\url{https://graphviz.gitlab.io/}},
  note={Accessed: 2023-10-02}
}
  
@inproceedings{rbt,
  title={Left-leaning Red-Black Trees},
  booktitle={Left--leaning Red-Black Trees},
  author={Robert Sedgewick},
  year={2008},
  pages={1--10},
  url={https://api.semanticscholar.org/CorpusID:199513342}
}

@misc{rbt2,
      title={Flat combined Red Black Trees}, 
      author={Sergio Sainz-Palacios},
      year={2019},
      eprint={1912.11417},
      archivePrefix={arXiv},
      primaryClass={cs.DC}
}

@misc{probing,
      title={Linear Probing with 5-Independent Hashing}, 
      author={Mikkel Thorup},
      year={2017},
      eprint={1509.04549},
      archivePrefix={arXiv},
      primaryClass={cs.DS}
}

@book{probing2,
author = {Knuth, Donald E.},
title = {The Art of Computer Programming, Volume 1 (3rd Ed.): Fundamental Algorithms},
year = {1997},
isbn = {0201896834},
publisher = {Addison Wesley Longman Publishing Co., Inc.},
address = {USA}
}

@misc{hash,
      title={A Hash of Hash Functions}, 
      author={Turker Ozsari},
      year={2003},
      eprint={cs/0310033},
      archivePrefix={arXiv},
      primaryClass={cs.CR}
}

@misc{hash2,
      title={Separate Chaining Meets Compact Hashing}, 
      author={Dominik KÃ¶ppl},
      year={2019},
      eprint={1905.00163},
      archivePrefix={arXiv},
      primaryClass={cs.DS}
}

@misc{benchmark,
  author = {Martin Leitner-Ankerl},
  title = {Comprehensive C++ Hashmap Benchmarks 2022},
  howpublished = {\url{https://martin.ankerl.com/2022/08/27/hashmap-bench-01}},
  note = {Accessed: 2022-08-27}
}